<?xml version="1.0" encoding="UTF-8"?><collection xmlns="http://www.loc.gov/MARC21/slim"><record><leader>00417nam--2200169-i-4500</leader><controlfield tag="001">000012876</controlfield><controlfield tag="002">20161230</controlfield><controlfield tag="005">20170125151907</controlfield><controlfield tag="008">060222s1000------------r-----000-0-eng-d</controlfield><datafield ind1=" " ind2=" " tag="080"><subfield code="a">552. 624</subfield></datafield><datafield ind1=" " ind2=" " tag="100"><subfield code="a">Cook, N. G. W</subfield></datafield><datafield ind1=" " ind2=" " tag="245"><subfield code="a">Fundamentals of rock mechanics</subfield></datafield><datafield ind1=" " ind2=" " tag="260"><subfield code="a">London</subfield><subfield code="b">Chapman And Hall</subfield><subfield code="c">1976</subfield></datafield><datafield ind1=" " ind2=" " tag="300"><subfield code="a">XVIII + 585 p</subfield></datafield><datafield ind1=" " ind2=" " tag="700"><subfield code="a">Jaeger, J. C</subfield></datafield><datafield ind1=" " ind2=" " tag="852"><subfield code="a">46552</subfield></datafield><datafield ind1=" " ind2=" " tag="CAT"><subfield code="a">SYS</subfield><subfield code="c">20170125</subfield><subfield code="h">151907</subfield></datafield></record></collection>